PokerStars Hand #160929697318:  Hold'em No Limit ($0.05/$0.10 USD) - 2016/11/05 7:25:51 ET
Table 'Adriana' 6-max Seat #3 is the button
Seat 2: seanypud ($11.23 in chips) 
Seat 3: kr123445 ($7.30 in chips) 
Seat 4: Sfera2 ($10 in chips) 
Seat 5: Zwidawurzn ($24.68 in chips) 
Seat 6: CH14R3774 ($10.52 in chips) 
Sfera2: posts small blind $0.05
Zwidawurzn: posts big blind $0.10
TY4URE$: sits out 
*** HOLE CARDS ***
Dealt to Sfera2 [Jc 9c]
CH14R3774: folds 
seanypud: folds 
kr123445: calls $0.00
Sfera2: raises $0.10 to $0.20
Zwidawurzn: calls $0.10
kr123445: calls $0.00
*** FLOP *** [6d 5s 2c]
Sfera2: bets $0.00
Zwidawurzn: raises $0.00 to $0.00
kr123445: folds
Sfera2: calls $0.00
*** SHOW DOWN ***
Sfera2: shows [Jc 9c] (a pair of Sevens)
Zwidawurzn: shows [Kc 7c] (three of a kind, Sevens)
Zwidawurzn collected $0.76 from pot
*** SUMMARY ***
Total pot $0.80 | Rake $0.04 
Board [6d 5s 2c 7d 7h]
Seat 2: seanypud folded before Flop (didn't bet)
Seat 3: kr123445 (button) folded before Flop (didn't bet)
Seat 4: Sfera2 (small blind) showed [Jc 9c] and lost with a pair of Sevens
Seat 5: Zwidawurzn (big blind) showed [Kc 7c] and won ($0.76) with three of a kind, Sevens
Seat 6: CH14R3774 folded before Flop (didn't bet)

Sfera2:		T
Zwidawurzn:	F
kr123445:	F