PokerStars Hand #166685277106:  Hold'em No Limit ($0.05/$0.10 USD) - 2017/02/24 1:25:34 ET
Table 'Sequoia' 6-max Seat #2 is the button
Seat 1: mirked91 ($10 in chips) 
Seat 2: Marius29x ($10.73 in chips) 
Seat 3: madwomanxxx ($4.30 in chips) 
Seat 4: Winer KK AA ($12.69 in chips) 
Seat 5: david_sara83 ($13.77 in chips) 
Seat 6: Dawidlobuz ($10 in chips) 
madwomanxxx: posts small blind $0.05
Winer KK AA: posts big blind $0.10
*** HOLE CARDS ***
david_sara83: folds 
Dawidlobuz: folds 
mirked91: raises $0.15 to $0.25
Marius29x: folds 
madwomanxxx: calls $0.20
Winer KK AA: folds 
*** FLOP *** [9d 8c 6d]
madwomanxxx: checks 
mirked91: bets $0.43
madwomanxxx: folds 
Uncalled bet ($0.43) returned to mirked91
mirked91 collected $0.57 from pot
*** SUMMARY ***
Total pot $0.60 | Rake $0.03 
Board [9d 8c 6d]
Seat 1: mirked91 collected ($0.57)
Seat 2: Marius29x (button) folded before Flop (didn't bet)
Seat 3: madwomanxxx (small blind) folded on the Flop
Seat 4: Winer KK AA (big blind) folded before Flop
Seat 5: david_sara83 folded before Flop (didn't bet)
Seat 6: Dawidlobuz folded before Flop (didn't bet)