PokerStars Hand #166688966269:  Hold'em No Limit ($0.05/$0.10 USD) - 2017/02/24 4:42:24 ET
Table 'Erriapo II' 6-max Seat #2 is the button
Seat 1: ycr1988 ($8.02 in chips)
Seat 2: 2pacseby91 ($10 in chips)
Seat 3: Elinaattor ($10.40 in chips)
Seat 4: Gam_let1951 ($0.10 in chips)
Seat 6: Tieschum ($10 in chips)
Elinaattor: posts small blind $0.05
Gam_let1951: posts big blind $0.10 and is all-in
Bullet115: sits out
*** HOLE CARDS ***
Tieschum: folds
ycr1988: folds
2pacseby91: folds
Elinaattor: calls $0.05
*** FLOP *** [8h 4s 3d]
*** TURN *** [8h 4s 3d] [5d]
*** RIVER *** [8h 4s 3d 5d] [2s]
*** SHOW DOWN ***
Elinaattor: shows [Jc 9d] (high card Jack)
Gam_let1951: shows [9c 2d] (a pair of Deuces)
Gam_let1951 collected $0.19 from pot
*** SUMMARY ***
Total pot $0.20 | Rake $0.01
Board [8h 4s 3d 5d 2s]
Seat 1: ycr1988 folded before Flop (didn't bet)
Seat 2: 2pacseby91 (button) folded before Flop (didn't bet)
Seat 3: Elinaattor (small blind) showed [Jc 9d] and lost with high card Jack
Seat 4: Gam_let1951 (big blind) showed [9c 2d] and won ($0.19) with a pair of Deuces
Seat 6: Tieschum folded before Flop (didn't bet)